% The one closes to us; evaluates ensembles
@article{ballings2015evaluating,
  title={Evaluating multiple classifiers for stock price direction prediction},
  author={Ballings, Michel and Van den Poel, Dirk and Hespeels, Nathalie and Gryp, Ruben},
  journal={Expert Systems with Applications},
  volume={42},
  number={20},
  pages={7046--7056},
  year={2015},
  publisher={Elsevier}
}

@article{AA14,
  title={Computational finance},
  author={Arratia, Argimiro},
  journal={An Introductory Course with R, Atlantis Studies in Computational Finance and Financial Engineering},
  volume={1},
  year={2014},
  publisher={Springer}
}

@book{zivot2007modeling,
  title={Modeling financial time series with S-Plus{\textregistered}},
  author={Zivot, Eric and Wang, Jiahui},
  volume={191},
  year={2007},
  publisher={Springer Science \& Business Media}
}

@article{sevastjanov2009stock,
  title={Stock screening with use of multiple criteria decision making and optimization},
  author={Sevastjanov, Pavel and Dymova, Ludmila},
  journal={Omega},
  volume={37},
  number={3},
  pages={659--671},
  year={2009},
  publisher={Elsevier}
}

@article{krauss2017deep,
  title={Deep neural networks, gradient-boosted trees, random forests: Statistical arbitrage on the S\&P 500},
  author={Krauss, Christopher and Do, Xuan Anh and Huck, Nicolas},
  journal={European Journal of Operational Research},
  volume={259},
  number={2},
  pages={689--702},
  year={2017},
  publisher={Elsevier}
}

@article{fischer2018deep,
  title={Deep learning with long short-term memory networks for financial market predictions},
  author={Fischer, Thomas and Krauss, Christopher},
  journal={European Journal of Operational Research},
  volume={270},
  number={2},
  pages={654--669},
  year={2018},
  publisher={Elsevier}
}

@article{andriyashin2008recursive,
  title={Recursive portfolio selection with decision trees},
  author={Andriyashin, Anton and H{\"a}rdle, Wolfgang K and Timofeev, Roman Vladimirovich},
  year={2008}
}

% Python packages ===========================

% numpy
@ARTICLE{numpy, 
author={S. {van der Walt} and S. C. {Colbert} and G. {Varoquaux}}, 
journal={Computing in Science Engineering}, 
title={The NumPy Array: A Structure for Efficient Numerical Computation}, 
year={2011}, 
volume={13}, 
number={2}, 
pages={22-30}, 
doi={10.1109/MCSE.2011.37}, 
ISSN={1521-9615}}

%matplotlib
@ARTICLE{matplotlib, 
author={J. D. {Hunter}}, 
journal={Computing in Science Engineering}, 
title={Matplotlib: A 2D Graphics Environment}, 
year={2007}, 
volume={9}, 
number={3}, 
pages={90-95}, 
doi={10.1109/MCSE.2007.55}, 
ISSN={1521-9615}, 
month={May},}

% pandas
@InProceedings{pandas,
  author    = {Wes McKinney},
  title     = {Data Structures for Statistical Computing in Python},
  booktitle = {Proceedings of the 9th Python in Science Conference},
  pages     = {51 - 56},
  year      = {2010},
  editor    = {St\'efan van der Walt and Jarrod Millman}
}

% sklearn base
@article{scikit-learn,
 title={Scikit-learn: Machine Learning in {P}ython},
 author={Pedregosa, F. and Varoquaux, G. and Gramfort, A. and Michel, V.
         and Thirion, B. and Grisel, O. and Blondel, M. and Prettenhofer, P.
         and Weiss, R. and Dubourg, V. and Vanderplas, J. and Passos, A. and
         Cournapeau, D. and Brucher, M. and Perrot, M. and Duchesnay, E.},
 journal={Journal of Machine Learning Research},
 volume={12},
 pages={2825--2830},
 year={2011}
}

% sklearn api
@inproceedings{sklearn_api,
  author    = {Lars Buitinck and Gilles Louppe and Mathieu Blondel and
               Fabian Pedregosa and Andreas Mueller and Olivier Grisel and
               Vlad Niculae and Peter Prettenhofer and Alexandre Gramfort
               and Jaques Grobler and Robert Layton and Jake VanderPlas and
               Arnaud Joly and Brian Holt and Ga{\"{e}}l Varoquaux},
  title     = {{API} design for machine learning software: experiences from the scikit-learn
               project},
  booktitle = {ECML PKDD Workshop: Languages for Data Mining and Machine Learning},
  year      = {2013},
  pages = {108--122},
}

% COMPSs - WDC
@article{pycompss,
	Abstract = {},
	Author = {Enric Tejedor, Rosa M. Badia, Jes√∫s Labarta et al.},
	Journal = {The International Journal of High Performance Computing Applications (IJHPCA)},
	Month = {},
	Number = {},
	Numpages = {16},
	Pages = {66-82},
	Title = {PyCOMPSs: Parallel computational workflows in Python},
	Volume = {31},
	Url = {http://dx.doi.org/10.1177/1094342015594678},
	Year = {2017}
}


@inproceedings{amela17,
    author      = {Amela, Ramon and Ramon-Cortes, Cristian and Ejarque, Jorge and Conejero, Javier and Badia, Rosa M.},
    title       = {{Enabling Python to Execute Efficiently in Heterogeneous Distributed Infrastructures with PyCOMPSs}},
    booktitle   = {Proceedings of the 7th Workshop on Python for High-Performance and Scientific Computing},    
    year        = {2017},    
    pages       = {1:1--1:10},    
}

@article{compss,
title = "COMP Superscalar, an interoperable programming framework",
journal = "SoftwareX",
volume = "3-4",
pages = "32 - 36",
year = "2015",
issn = "2352-7110",
doi = "https://doi.org/10.1016/j.softx.2015.10.004",
url = "http://www.sciencedirect.com/science/article/pii/S2352711015000151",
author = "Rosa M. Badia and Javier Conejero and Carlos Diaz and Jorge Ejarque and Daniele Lezzi and Francesc Lordan and Cristian Ramon-Cortes and Raul Sirvent",
keywords = "Parallel programming models, Interoperability, Scientific computing",
}

@ARTICLE{7956179, 
author={K. Djemame and R. Bosch and R. Kavanagh and P. Alvarez and J. Ejarque and J. Guitart and L. Blasi}, 
journal={IEEE Transactions on Sustainable Computing}, 
title={PaaS-IaaS Inter-Layer Adaptation in an Energy-Aware Cloud Environment}, 
year={2017}, 
volume={2}, 
number={2}, 
pages={127-139}, 
doi={10.1109/TSUSC.2017.2719159}, 
ISSN={2377-3782}, 
month={April},}


% Misc citations

@misc{extrae,
	Author = {Barcelona Supercomputing Center (BSC)},
	Title = {Extrae Tool},
	Url = {https://tools.bsc.es/extrae},
}
@misc{paraver,
	Author = {Barcelona Supercomputing Center (BSC)},
	Title = {Paraver Tool},
	Url = {https://tools.bsc.es/paraver},
}

@misc{intrinio,
	Author = {Intrinio},
	Title = {Intrinio, Data Intelligence, On Demand},
	Url = {https://intrinio.com/},
}

@misc{slurm,
    title       = {{Slurm Workload Manager}},
    url         = {https://slurm.schedmd.com/},
}


@misc{mn4,
	Author = {Barcelona Supercomputing Center (BSC)},
	Title = {MareNostrum 4 User Guide},
	Url = {https://www.bsc.es/support/MareNostrum4-ug.pdf},
	Year = {2019}
}
@misc{mesos,
    title       = {{Apache Mesos}},
    url         = {https://mesos.apache.org/},
}

@misc{decorators,
	Author = {Python Software Foundation},
	Title = {PEP 318 -- Decorators for Functions and Methods},
	Url = {https://www.python.org/dev/peps/pep-0318/},
}

@misc{python,
	Author = {Python Software Foundation},
	Title = {Python Language},
	Url = {https://www.python.org/},
}

@misc{dislib,
	Author = {Workflows and Distributed Computing Group},
	Title = {The Distributed Computing Library (Dislib)},
	Url = {https://dislib.bsc.es},
}

@misc{ibrokers,
	Author = {Interactive Brokers Group},
	Title = {Interactive Brokers},
	Url = {https://www.interactivebrokers.co.uk},
}


@misc{quantopian,
	Author = {Quantopian},
	Title = {Quantopian},
	Url = {https://www.quantopian.com/},
}

% adaboost 
@article{adaboost,
  title={A decision-theoretic generalization of on-line learning and an application to boosting},
  author={Freund, Yoav and Schapire, Robert E},
  journal={Journal of computer and system sciences},
  volume={55},
  number={1},
  pages={119--139},
  year={1997},
  publisher={Elsevier}
}


% adaboost' sklearn SAMME
@article{samme,
  title={Multi-class adaboost},
  author={Hastie, Trevor and Rosset, Saharon and Zhu, Ji and Zou, Hui},
  journal={Statistics and its Interface},
  volume={2},
  number={3},
  pages={349--360},
  year={2009},
  publisher={International Press of Boston}
}

% adam solver
@article{kingma2014adam,
  title={Adam: A method for stochastic optimization},
  author={Kingma, Diederik P and Ba, Jimmy},
  journal={arXiv preprint arXiv:1412.6980},
  year={2014}
}


@article{lstm,
 author = {Hochreiter, Sepp and Schmidhuber, J\"{u}rgen},
 title = {Long Short-Term Memory},
 journal = {Neural Comput.},
 issue_date = {November 15, 1997},
 volume = {9},
 number = {8},
 month = nov,
 year = {1997},
 issn = {0899-7667},
 pages = {1735--1780},
 numpages = {46},
 url = {http://dx.doi.org/10.1162/neco.1997.9.8.1735},
 doi = {10.1162/neco.1997.9.8.1735},
 acmid = {1246450},
 publisher = {MIT Press},
 address = {Cambridge, MA, USA},
} 

% lbfgs 
@article{lbfgs,
  title={On the limited memory BFGS method for large scale optimization},
  author={Liu, Dong C and Nocedal, Jorge},
  journal={Mathematical programming},
  volume={45},
  number={1-3},
  pages={503--528},
  year={1989},
  publisher={Springer}
}
% EMH
@article{emh,
author = {Malkiel, Burton G. and Fama, Eugene F.},
title = {EFFICIENT CAPITAL MARKETS: A REVIEW OF THEORY AND EMPIRICAL WORK*},
journal = {The Journal of Finance},
volume = {25},
number = {2},
pages = {383-417},
doi = {10.1111/j.1540-6261.1970.tb00518.x},
url = {https://onlinelibrary.wiley.com/doi/abs/10.1111/j.1540-6261.1970.tb00518.x},
eprint = {https://onlinelibrary.wiley.com/doi/pdf/10.1111/j.1540-6261.1970.tb00518.x},
year = {1970}
}

@book{grahambook,
  title={The intelligent investor},
  author={Graham, Benjamin},
  year={1965},
  publisher={Prabhat Prakashan}
}

% Deep learning
@article{deeplearning,
  title={Deep learning},
  author={LeCun, Yann and Bengio, Yoshua and Hinton, Geoffrey},
  journal={nature},
  volume={521},
  number={7553},
  pages={436},
  year={2015},
  publisher={Nature Publishing Group}
}

@inproceedings{jupyter,
  title={Jupyter Notebooks - a publishing format for reproducible computational workflows},
  author={Thomas Kluyver and Benjamin Ragan-Kelley and Fernando P{\'e}rez and Brian E. Granger and Matthias Bussonnier and Jonathan Frederic and Kyle Kelley and Jessica B. Hamrick and Jason Grout and Sylvain Corlay and Paul Ivanov and Dami{\'a}n Avila and Safia Abdalla and Carol Willing and et al.},
  booktitle={ELPUB},
  year={2016}
}